<?xml version="1.0" encoding="UTF-8"?><collection xmlns="http://www.loc.gov/MARC21/slim"><record><leader>00304nam--2200121-i-4500</leader><controlfield tag="001">000049671</controlfield><controlfield tag="002">20161230</controlfield><controlfield tag="005">20161230201047</controlfield><controlfield tag="008">060222s1000------------r-----000-0-eng-d</controlfield><datafield ind1=" " ind2=" " tag="100"><subfield code="a">Astanin, P.P</subfield></datafield><datafield ind1=" " ind2=" " tag="245"><subfield code="a">Prakticheskie zaniatiia po biohimii</subfield></datafield><datafield ind1=" " ind2=" " tag="260"><subfield code="a">Moskva, Selhozgiz, 1951, 191s.23 Ris</subfield></datafield><datafield ind1=" " ind2=" " tag="852"><subfield code="a">1468</subfield></datafield></record></collection>